<record><leader>00000cas a22000007a 4500</leader><controlfield tag="001">10593311</controlfield><controlfield tag="008">840404d18731881nbuwr ne      0    0eng d</controlfield><datafield ind1=" " ind2=" " tag="010"><subfield code="a">sn 84022847 </subfield></datafield><datafield ind1=" " ind2=" " tag="040"><subfield code="a">NPX</subfield><subfield code="b">eng</subfield><subfield code="c">NPX</subfield><subfield code="d">NVG</subfield><subfield code="d">OCLCQ</subfield><subfield code="d">OCLCF</subfield><subfield code="d">OCLCO</subfield></datafield><datafield ind1=" " ind2=" " tag="042"><subfield code="a">msc</subfield></datafield><datafield ind1=" " ind2=" " tag="043"><subfield code="a">n-us-nb</subfield></datafield><datafield ind1="0" ind2="4" tag="245"><subfield code="a">The weekly Burtonian.</subfield></datafield><datafield ind1="1" ind2=" " tag="246"><subfield code="i">Title in publisher's box:</subfield><subfield code="a">Burtonian</subfield></datafield><datafield ind1=" " ind2=" " tag="260"><subfield code="a">Tekamah, Neb. :</subfield><subfield code="b">Burtonian Print. Co.,</subfield><subfield code="c">-1881.</subfield></datafield><datafield ind1=" " ind2=" " tag="300"><subfield code="a">v.</subfield></datafield><datafield ind1=" " ind2=" " tag="310"><subfield code="a">Weekly</subfield></datafield><datafield ind1="1" ind2=" " tag="362"><subfield code="a">Began in Sept. 1873.</subfield></datafield><datafield ind1="0" ind2=" " tag="362"><subfield code="a">-v.8, no. 32 (Apr. 21, 1881).</subfield></datafield><datafield ind1=" " ind2=" " tag="588"><subfield code="a">Description based on: Vol. 1, no. 44 (July 23, 1874).</subfield></datafield><datafield ind1=" " ind2="0" tag="651"><subfield code="a">Tekamah (Neb.)</subfield><subfield code="v">Newspapers.</subfield></datafield><datafield ind1=" " ind2="0" tag="651"><subfield code="a">Burt County (Neb.)</subfield><subfield code="v">Newspapers.</subfield></datafield><datafield ind1=" " ind2="7" tag="655"><subfield code="a">Newspapers.</subfield><subfield code="2">fast</subfield><subfield code="0">(OCoLC)fst01423814</subfield></datafield><datafield ind1=" " ind2="7" tag="651"><subfield code="a">Nebraska</subfield><subfield code="z">Burt County.</subfield><subfield code="2">fast</subfield><subfield code="0">(OCoLC)fst01212416</subfield></datafield><datafield ind1=" " ind2="7" tag="651"><subfield code="a">Nebraska</subfield><subfield code="z">Tekamah.</subfield><subfield code="2">fast</subfield><subfield code="0">(OCoLC)fst01278780</subfield></datafield><datafield ind1=" " ind2=" " tag="752"><subfield code="a">United States</subfield><subfield code="b">Nebraska</subfield><subfield code="c">Burt</subfield><subfield code="d">Tekamah.</subfield></datafield><datafield ind1="1" ind2=" " tag="776"><subfield code="c">Microfilm</subfield><subfield code="d">Nebraska State Historical Society</subfield><subfield code="w">(DLC)sn 95070332</subfield></datafield><datafield ind1="0" ind2="0" tag="785"><subfield code="t">Burtonian</subfield></datafield></record>